<record><leader>00000cas a2200000 a 4500</leader><controlfield tag="001">28351229</controlfield><controlfield tag="008">930628d195719uucaudn n       0   a0eng c</controlfield><datafield ind1=" " ind2=" " tag="010"><subfield code="a">sn 95061268 </subfield></datafield><datafield ind1=" " ind2=" " tag="040"><subfield code="a">LPU</subfield><subfield code="b">eng</subfield><subfield code="c">LPU</subfield><subfield code="d">CNK</subfield><subfield code="d">OCL</subfield><subfield code="d">OCLCQ</subfield><subfield code="d">CNK</subfield><subfield code="d">OCLCQ</subfield></datafield><datafield ind1=" " ind2=" " tag="042"><subfield code="a">pcc</subfield></datafield><datafield ind1=" " ind2=" " tag="043"><subfield code="a">n-us-ca</subfield></datafield><datafield ind1="0" ind2="0" tag="245"><subfield code="a">Wilmington daily press journal.</subfield></datafield><datafield ind1="1" ind2="3" tag="246"><subfield code="a">Wilmington press-journal</subfield></datafield><datafield ind1="1" ind2="7" tag="246"><subfield code="a">Press-journal</subfield></datafield><datafield ind1=" " ind2=" " tag="260"><subfield code="a">Wilmington, Calif. :</subfield><subfield code="b">W.J. Andersen</subfield></datafield><datafield ind1=" " ind2=" " tag="300"><subfield code="a">v. :</subfield><subfield code="b">ill. ;</subfield><subfield code="c">52 cm.</subfield></datafield><datafield ind1=" " ind2=" " tag="310"><subfield code="a">Daily (except Sat., Sun. &amp; holidays)</subfield></datafield><datafield ind1="0" ind2=" " tag="362"><subfield code="a">Vol. 3, no. 70 (Mar. 29, 1957)-</subfield></datafield><datafield ind1=" " ind2=" " tag="530"><subfield code="a">Master negatives are available for duplication from:</subfield><subfield code="b">California Newspaper Microfilm Archive;</subfield><subfield code="c">for further information consult the CNMA at:</subfield><subfield code="u">http://cbsr.ucr.edu</subfield></datafield><datafield ind1=" " ind2="0" tag="651"><subfield code="a">Wilmington (Los Angeles)</subfield><subfield code="v">Newspapers.</subfield></datafield><datafield ind1=" " ind2=" " tag="752"><subfield code="a">United States</subfield><subfield code="b">California</subfield><subfield code="c">Los Angeles</subfield><subfield code="d">Los Angeles.</subfield></datafield><datafield ind1="0" ind2="0" tag="780"><subfield code="t">Wilmington press-journal</subfield><subfield code="w">(DLC)sn 95061669</subfield></datafield><datafield ind1="1" ind2=" " tag="029"><subfield code="a">AU@</subfield><subfield code="b">000012146529</subfield></datafield></record>